@book{mcgarry2009metalogicon,
  title={The metalogicon: a twelfth-century defense of the verbal and logical arts of the trivium},
  author={McGarry, Daniel D and others},
  year={2009},
  publisher={Paul Dry Books}
}
